
@article{cook71,
    author = "Stephen A. Cook",
    title  = "The Complexity of Theorem-Proving Procedures",
    year   = "1971",
}

@article{osorio09,
    author = "Oscar Daniel L\'{o}pez Osorio",
    title  = "Una Formulaci\'{o}n Equivalente del Teorema de los Cuatros Colores",
    year   = "2009",
}

@article{4col,
    author = "Herv√© Lehning",
    title  = "Une application des quatres couleurs",
    year   = "1999",
}

